@inproceedings{alon2019,
    title   = {code2seq: Generating Sequences from Structured Representations of Code},
    author  = {Uri Alon and Shaked Brody and Omer Levy and Eran Yahav},
    booktitle = {International Conference on Learning Representations},
    year    = {2019},
    url     = {https://openreview.net/forum?id=H1gKYo09tX},
}

% Introduction to encoder-decoder models 
@article{cho2014,
  title     = {Learning Phrase Representations using RNN Encoder–Decoder for Statistical Machine Translation},
  url       = {http://dx.doi.org/10.3115/v1/D14-1179},
  DOI       = {10.3115/v1/d14-1179},
  journal   = {Proceedings of the 2014 Conference on Empirical Methods in Natural Language Processing (EMNLP)},
  publisher = {Association for Computational Linguistics},
  author    = {Cho, Kyunghyun and van Merrienboer, Bart and Gulcehre, Caglar and Bahdanau, Dzmitry and Bougares, Fethi and Schwenk, Holger and Bengio, Yoshua},
  year      = {2014}
}

% Seq2seq, Encoder-decoder models
@inproceedings{sutskever2014,
  author    = {Sutskever, Ilya and Vinyals, Oriol and Le, Quoc V.},
  title     = {Sequence to Sequence Learning with Neural Networks},
  year      = {2014},
  publisher = {MIT Press},
  address   = {Cambridge, MA, USA},
  booktitle = {Proceedings of the 27th International Conference on Neural Information Processing Systems - Volume 2},
  pages     = {3104–3112},
  numpages  = {9},
  location  = {Montreal, Canada},
}

% Attention
@article{bahdanau2015,
  author    = {Dzmitry Bahdanau and
               Kyunghyun Cho and
               Yoshua Bengio},
  editor    = {Yoshua Bengio and
               Yann LeCun},
  title     = {Neural Machine Translation by Jointly Learning to Align and Translate},
  journal   = {3rd International Conference on Learning Representations, {ICLR} 2015,
               San Diego, CA, USA, May 7-9, 2015, Conference Track Proceedings},
  year      = {2015},
  url       = {http://arxiv.org/abs/1409.0473},
  timestamp = {Wed, 17 Jul 2019 10:40:54 +0200},
  biburl    = {https://dblp.org/rec/journals/corr/BahdanauCB14.bib},
  bibsource = {dblp computer science bibliography, https://dblp.org}
  
}

@misc{hukuda,
  author = {hukuda222},
  title = {code2seq},
  year = {2020},
  publisher = {GitHub},
  journal = {GitHub repository},
  howpublished = {\url{https://github.com/hukuda222/code2seq}},
  commit = {6f907e2}
}
